@misc{RefWorks:21,	author={Marco Tabini},	month={2013, April 8},	title={Inside Siri's brain: The challenges of extending Apple's virtual assistant},	url={https://www.macworld.com/article/2033073/inside-siris-brain-the-challenges-of-extending-apples-virtual-assistant.html}}@misc{RefWorks:22,	author={Indomitus Games},	title={In Verbis Virtus},	url={http://www.indomitusgames.com/in-verbis-virtus}}@misc{RefWorks:23,	author={Bethesda Softworks LLC},	month={2018, January 1},	title={The Elders Scrolls Official Site},	url={https://elderscrolls.bethesda.net/en/skyrim}}@misc{RefWorks:24,	author={NowGamer},	month={2012, May 1},	title={Skyrim Kinect: Full List Of 200 Voice Commands},	url={https://www.nowgamer.com/skyrim-kinect-full-list-of-200-voice-commands/}}@misc{RefWorks:20,	author={Princeton University},	year={2013},	month={2013, January 9},	title={About WordNet},	url={http://wordnet.princeton.edu}}@inproceedings{RefWorks:19,	author={Mark Alan Finlayson},	year={2014},	title={Java Libraries for Accessing the Princeton Wordnet: Comparison and Evaluation},	booktitle={Proceedings of the 7th International Global WordNet Conference},	location={Tartu, Estonia},	pages={78-85}}