@misc{RefWorks:21,
	author={Marco Tabini},
	month={{2013, April 8}},
	title={{Inside Siri's brain: The challenges of extending Apple's virtual assistant}},
	url={{https://www.macworld.com/article/2033073/inside-siris-brain-the-challenges-of-extending-apples-virtual-assistant.html}}
}
@misc{RefWorks:22,
	author={{Indomitus Games}},
	title={{In Verbis Virtus}},
	url={{http://www.indomitusgames.com/in-verbis-virtus}}
}
@misc{RefWorks:23,
	author={{Bethesda Softworks LLC}},
	month={{2018, January 1}},
	title={{The Elders Scrolls Official Site}},
	url={{https://elderscrolls.bethesda.net/en/skyrim}}
}
@misc{RefWorks:24,
	author={{NowGamer}},
	month={{2012, May 1}},
	title={{Skyrim Kinect: Full List Of 200 Voice Commands}},
	url={{https://www.nowgamer.com/skyrim-kinect-full-list-of-200-voice-commands/}}
}
@misc{RefWorks:29,
	author={{Ubisoft}},
	month={{2017}},
	title={{Star Trek Bridge Crew}},
	url={{https://www.ubisoft.com/en-gb/game/star-trek-bridge-crew/}}
}
@misc{RefWorks:25,
	author={Chris Watters},
	month={{2017, June 22}},
	title={{Star Trek: Bridge Crew Integrates IBM Watson For Voice Commands}},
	url={{https://news.ubisoft.com/article/star-trek-bridge-crew-integrates-ibm-watson-voice-commands}}
}
@misc{RefWorks:26,
	author={{developerWorks}},
	month={{2017, June 22}},
	title={{Star Trek: Bridge Crew now live with IBM Watson Speech Technology}},
	url={{https://developer.ibm.com/tv/dwnewsblast-watson-star-trek/}}
}
@misc{RefWorks:35,
	author = 	 {Rob Lammle},
	year = 	 {{2014}},
	month = 	 {{June}},
	title = 	 {{Eaten by a Grue: A Brief History of Zork}},
	url = 	 {{http://mentalfloss.com/article/29885/eaten-grue-brief-history-zork}}
}
@misc{RefWorks:37,
	author = 	 {Jacob Foster and Matt Thompson and Myles Loffler},
	year = 	 {{2016}},
	month = 	 {{Dec}},
	title = 	 {{Classic Zork on Alexa}},
	url = 	 {{https://www.hackster.io/devops-dungeoneers/classic-zork-494ff1}}
}
@book{RefWorks:36,
	author={Dave Lebling and Marc Blank},
	year={{1984}},
	title={{Zork Trilogy Instruction Manual}},
	publisher={{InfoCom}},
	url={{http://infodoc.plover.net/manuals/zork1.pdf}}
}
@misc{RefWorks:28,
	author={{VoiceTechGroup}},
	month={{2018, January 1}},
	title={{tazti | Speech Recognition for PC Games}},
	url={{https://www.tazti.com/speech-recognition-software-for-pc-games.html}}
}
@misc{RefWorks:104,
	author={{Epic Wiki}},
	month={2018, March 17},
	title={{Speech Recognition Plugin}},
	url={{https://wiki.unrealengine.com/Speech\_Recognition\_Plugin}}
}
@misc{RefWorks:105,
	author = 	 {{CMU Sphinx}},
	year = 	 {2015},
	title = 	 {{PocketSphinx}},
	url = 	 {https://github.com/cmusphinx/pocketsphinx}
}
@misc{RefWorks:30,
	author={{SoundHound}},
	month={{2017}},
	title={{Houndify}},
	url={{https://www.houndify.com/}}
}
@misc{RefWorks:33,
	author={{SoundHound}},
	month={{2017}},
	title={{The ClientMatch JSON Format}},
	url={{https://docs.houndify.com/reference/ClientMatch}}
}
@misc{RefWorks:27,
	author={{IBM}},
	month={{2017, December 12}},
	title={{Conversation - IBM Cloud}},
	url={{https://console.bluemix.net/catalog/services/conversation}}
}
@misc{RefWorks:31,
	month={{2018, January 5}},
	title={{IBM Cloud Docs | Conversation | About}},
	url={https://console.bluemix.net/docs/services/conversation/index.html}
}
@misc{RefWorks:106,
	title={{Dialogflow}},
	url={https://dialogflow.com/}}
@misc{RefWorks:34,
	author = 	 {{Zach Walchuk}},
	year = 	 {{2016}},
	month = 	 {{Dec}},
	title = 	 {{Build a chatbot in ten minutes with Watson}},
	url = 	 {{https://www.ibm.com/blogs/watson/2016/12/build-chat-bot/}}
}
@misc{RefWorks:32,
	author={{IBM}},
	month={{2017, December 18}},
	title={{Conversation Demo}},
	url={{https://conversation-demo.ng.bluemix.net/}}
}
@article{RefWorks:112,
	author={M. McCord and J. Murdock and B. Boguraev},
	year={2012},
	month={Apr},
	title={{Deep parsing in Watson}},
	journal={IBM Journal of Research and Development},
	volume={56},
	number={3.4},
	pages={3:1-3:15},
	url={https://ieeexplore.ieee.org/document/6177729/},
	doi={10.1147/JRD.2012.2185409}
}
@inbook{RefWorks:38,
	author={Nitin Indurkha and Fred Damerau},
	editor={Herbrich,Ralf and Graepel,Thore},
	year={{2010}},
	title={{Classical Approaches to Natural Language Processing}},
	series={{Handbook of Natural Language Processing}},
	publisher={Chapman and Hall},
	address={{United States}},
	edition={{2}},
	pages={{4-6}},
	edition={{2}}
}
@misc{RefWorks:39,
	author = 	 {Craig Trim},
	year = 	 {{2013}},
	month = 	 {{Jan}},
	title = 	 {{The Art of Tokenization}},
	url = 	 {{https://ibm.com/developerworks/community/blogs/nlp/entry/tokenization}}
}
@inbook{RefWorks:40,
	author={Nitin Indurkha and Fred Damerau},
	editor={Herbrich,Ralf and Graepel,Thore},
	year={{2010}},
	title={{Classical Approaches to Natural Language Processing}},
	series={{Handbook of Natural Language Processing}},
	publisher={Chapman and Hall},
	address={{United States}},
	edition={{2}},
	pages={{61}},
	edition={{2}}
}
@inbook{RefWorks:41,
	author={Nitin Indurkha and Fred Damerau},
	editor={Herbrich,Ralf and Graepel,Thore},
	year={{2010}},
	title={{Part-of-Speech Tagging}},
	series={{Handbook of Natural Language Processing}},
	publisher={Chapman and Hall},
	address={{United States}},
	edition={{2}},
	pages={{205-206}},
	edition={{2}}
}
@misc{RefWorks:43,
	author={{Dictionary.com}},
	month={{2018, January 18}},
	title={{The Dictionary of American Slang}},
	url={{http://www.dictionary.com/browse/can}}
}
@inbook{RefWorks:107,
	author={Daniel Jurasky and James Martin},
	year={2017},
	title={{Dialog Systems and Chatbots}},
	series={{Speech and Language Processing}},
	url={{https://web.stanford.edu/~jurafsky/slp3/29.pdf}}
}
@misc{RefWorks:44,
	author={{WikiDiff}},
	title={{Synonym vs Hypernym - What's the Difference?}},
	url={{https://wikidiff.com/synonym/hypernym}}
}
@misc{RefWorks:45,
	author={{Princeton University}},
	month={{2018, January 18}},
	title={{Dog | WordNet Search - 3.1}},
	url={http://wordnetweb.princeton.edu/}
}
@article{RefWorks:46,
	author={Bridget McInnes and Ted Pedersen},
	year={{2013}},
	month={{2013, Sep}},
	title={Evaluating measures of semantic similarity and relatedness to disambiguate terms in biomedical text},
	journal={{Journal of Biomedical Informatics}},
	url={{https://www.sciencedirect.com/science/article/pii/S1532046413001238}}
}
@misc{RefWorks:49,
	author = 	 {Sagar Gole},
	year = 	 {{2015}},
	month = 	 {{Jun}},
	title = 	 {{Words similarity/relatedness using WuPalmer Algorithm - Sagar Gole's Blog}},
	url = 	 {{http://blog.thedigitalgroup.com/sagarg/2015/06/10/words-similarityrelatedness-using-wupalmer-algorithm/}}
}
@misc{RefWorks:47,
	author={{Hideki Shima}},
	month={{2018, January 18}},
	title={{Juice, Water | WS4J Demo}},
	url={http://ws4jdemo.appspot.com}
}
@article{RefWorks:55,
	author={Mohit Iyyer and Jordan Boyd-Graber and Hal Daume},
	year={2014},
	title={Generating Sentences from Semantic Vector Space Representations},
	journal={NIPS Workshop on Learning Semantics},
	url={https://www.cs.umd.edu/~miyyer/pubs/2014\_nips\_generation.pdf}
}
@inproceedings{RefWorks:54,
	author={L. White and R. Togneri and W. Liu and M. Bennamoun},
	year={{2016}},
	title={{Modelling Sentence Generation from Sum of Word Embedding Vectors as a Mixed Integer Programming Problem}},
	booktitle={{2016 IEEE 16th International Conference on Data Mining Workshops (ICDMW)}},
	pages={{770-777}},
	note={{ID: 1}},
	doi={{10.1109/ICDMW.2016.0113}}
}
@misc{RefWorks:20,
	author={{Princeton University}},
	year={{2013}},
	month={{2013, January 9}},
	title={{About WordNet}},
	url={{http://wordnet.princeton.edu}}
}
@inproceedings{ReVerb2011,
  author =   {Anthony Fader and Stephen Soderland and Oren Etzioni},
  title =    {Identifying Relations for Open Information Extraction},
  booktitle =    {Proceedings of the Conference of Empirical Methods
                  in Natural Language Processing ({EMNLP} '11)},
  year =     {2011},
  month =    {July 27-31},
  address =  {Edinburgh, Scotland, UK}
}
@misc{RefWorks:48,
	author={Mark Bozon},
	month={{2008, December 5}},
	title={{World Debut: Scribblenauts}},
	url={{http://uk.ign.com/articles/2008/12/05/world-debut-scribblenauts}}
}
@techreport{RefWorks:109,
	author={Guillermo Escofet},
	year={2017},
	month={Dec},
	title={Mobile Games Market Forecast Report: 2017–22},
	institution={Ovum},
	url={https://ovum.informa.com/resources/product-content/ces003-000052}
}
@misc{RefWorks:50,
	author = 	 {Sue Smith},
	year = 	 {{2011}},
	month = 	 {{Nov}},
	title = 	 {{Android SDK: Using the Text to Speech Engine}},
	url = 	 {{https://code.tutsplus.com/tutorials/android-sdk-using-the-text-to-speech-engine--mobile-8540}}
}
@misc{RefWorks:51,
	author={{Stanford NLP Group}},
	month={{2017, June 9}},
	title={{The Stanford Natural Language Processing Group}},
	url={{https://nlp.stanford.edu/software/tagger.html}}
}
@misc{RefWorks:42,
	author={{University of Pennsylvania}},
	month={{2018}},
	title={{Penn Treebank P.O.S. Tags}},
	url={https://ling.upenn.edu/courses/Fall\_2003/ling001/penn\_treebank\_pos.html}
}
@misc{RefWorks:110,
	author={{Android Developers}},
	title={{SpeechRecognizer}},
	url={https://developer.android.com/reference/android/speech/SpeechRecognizer.html}
}
@misc{RefWorks:111,
	author = 	 {Vinothkumar Arputharaj},
	year = 	 {2015},
	month = 	 {May},
	title = 	 {{How to enable offline Speech To Text in Android}},
	journal = 	 {{StackAndroid}},
	url = 	 {https://stackandroid.com/tutorial/how-to-enable-offline-speech-to-text-in-android/}
}
@misc{RefWorks:113,
	author = 	 {{The Stanford Natural Language Processing Group}},
	title = 	 {{Stanford Log-linear Part-Of-Speech Tagger}},
	volume = 	 {3.9.1},
	url = 	 {https://nlp.stanford.edu/software/tagger.html}
}
@misc{RefWorks:114,
	author={J. McNamara},
	title={Sentence Subjects},
	url={http://grammar.ccc.commnet.edu/grammar/subjects.htm}
}
@inproceedings{RefWorks:117,
	author={Pedersen T. and Banerjee S},
	year={2003},
	title={Extended Gloss Overlaps as a Measure of Semantic Relatedness},
	booktitle={Proceedings of the 18th international joint conference on AI},
	pages={805-810},
	url={http://www.d.umn.edu/~tpederse/Pubs/ijcai03.pdf}
}
@misc{RefWorks:121,
	author = 	 {Richard Nordquist},
	year = 	 {2018},
	month = 	 {Mar},
	title = 	 {Definition and Examples of Meronyms and Holonyms},
	journal = 	 {{ThoughtCo}},
	url = 	 {https://www.thoughtco.com/what-is-a-meronym-1691308}
}
@inproceedings{RefWorks:118,
	author={Mark Alan Finlayson},
	year={2014},
	title={{ Java Libraries for Accessing the Princeton Wordnet: Comparison and Evaluation}},
	booktitle={Proceedings of the 7th International Global WordNet Conference},
	location={Tartu, Estonia},
	pages={78-85},
	url={https://projects.csail.mit.edu/jwi/download.php?f=finlayson.2014.procgwc.7.78.pdf}
}
@misc{RefWorks:116,
	author = 	 {Hideki Shima},
	year = 	 {2013},
	month = 	 {Apr},
	title = 	 {{WS4J}},
	volume = 	 {1.01},
	url = 	 {https://code.google.com/archive/p/ws4j/}
}
@article{RefWorks:115,
	author={Michael Lesk},
	title={Automatic Sense Disambiguation  Using Machine Readable Dictionaries:  How to Tell a Pine Cone from an Ice Cream Cone},
	url={citeseerx.ist.psu.edu/viewdoc/download?doi=10.1.1.178.2744\&rep=rep1\&type=pdf}
}
@misc{RefWorks:119,
	author = 	 {Christian S. Perone},
	year = 	 {2018},
	month = 	 {March},
	title = 	 {Machine Learning: Cosine Similarity for Vector Space},
	journal = 	 {Terra Incognita},
	url = 	 {http://blog.christianperone.com/2013/09/machine-learning-cosine-similarity-for-vector-space-models-part-iii/}
}
@article{RefWorks:120,
	author={Grigori Sidorov and Alexander Gelbukh and Helena Gomez-Adorno and David Pinto},
	year={2014},
	title={Soft Similarity and Soft Cosine Measure: Similarity of Features in Vector Space Model},
	journal={Computacion y Sistemas},
	volume={18},
	number={3},
	pages={491-504},
	url={http://www.cys.cic.ipn.mx/ojs/index.php/CyS/article/view/2043}
}
@misc{RefWorks:124,
	author = 	 {{JetBrains}},
	year = 	 {2017},
	title = 	 {Fernflower},
	journal = 	 {{GitHub}},
	url = 	 {https://github.com/JetBrains/intellij-community/tree/master/plugins/java-decompiler/engine}
}
@misc{RefWorks:122,
	author = 	 {{National Institute of Information and Communications Technology}},
	year = 	 {2006},
	title = 	 {{Japanese Wordnet}},
	volume = 	 {1.1},
	url = 	 {http://compling.hss.ntu.edu.sg/wnja/index.en.html}
}
@misc{RefWorks:125,
	author={{Oracle}},
	title={{BooleanSupplier (Java Platform SE 8)}},
	url={https://docs.oracle.com/javase/8/docs/api/java/util/function/BooleanSupplier.html}
}
@misc{RefWorks:128,
	author = 	 {Jakob Nielson},
	year = 	 {1993},
	month = 	 {Jan},
	title = 	 {Response Times: The Three Important Limits},
	journal = 	 {Nielson Norman Group},
	url = 	 {https://www.nngroup.com/articles/response-times-3-important-limits/}
}
@misc{RefWorks:127,
	author={{DeviceSpecifications}},
	title={{Samsung Galaxy S7 Exynos - Specifications}},
	url={https://www.devicespecifications.com/en/model/63063a47}
}
@misc{RefWorks:126,
	author={{SocialCompare}},
	month={2018, March 14},
	title={{Raspberry Pi 3}},
	url={http://socialcompare.com/en/review/raspberry-pi-3}
}
@misc{RefWorks:129,
	author={{Grammarly}},
	title={Compound Words: Open, Closed or Hyphenated?},
	url={https://www.grammarly.com/blog/open-and-closed-compound-words/}
}
@inbook{RefWorks:130,
	author={Charles F. Meyer},
	year={2010},
	title={{Typological Classification of Languages}},
	series={{Introducing English Linguistics}},
	publisher={{Cambridge University Press}},
	address={Cambridge, UK},
	edition={{International Student}},
	pages={36},
	edition={{International Student}},
	isbn={9780521152211},
	url={https://books.google.co.uk/books?id=MWbrvUiYzSkC\&pg=PA36}
}
@misc{RefWorks:131,
	author={Samuel Chong},
	month={2015, February 6},
	title={{A Complete Multilingual WordNet List by Language}},
	url={https://www.certifiedchinesetranslation.com/openaccess/WordNet/}
}
@misc{RefWorks:132,
	author = 	 {Erik Bamberg},
	year = 	 {2016},
	month = 	 {Jan},
	title = 	 {{Parallel stream processing in Java 8 - performance of sequential vs parallel stream processing}},
	journal = 	 {{Orientation in Object's Developer Blog}},
	url = 	 {https://blog.oio.de/2016/01/22/parallel-stream-processing-in-java-8-performance-of-sequential-vs-parallel-stream-processing/}
}
@misc{RefWorks:133,
	author = 	 {{KITT.AI}},
	year = 	 {2018},
	month = 	 {Feb},
	title = 	 {{Snowboy Hotword Detection}},
	journal = 	 {{GitHub}},
	volume = 	 {1.3.0},
	url = 	 {https://github.com/Kitt-AI/snowboy}
}
@misc{RefWorks:108,
	author = 	 {Martin Schmid},
	year = 	 {2010},
	month = 	 {Apr 24},
	title = 	 {{simpleUMLCE}},
	volume = 	 {0.01},
	url = 	 {https://plugins.jetbrains.com/plugin/4946-simpleumlce}
}
@misc{RefWorks:134,
	author={{Indomitus Games}},
	year = 	 {2013},
	month = 	 {Nov},
	title={{In Verbis Virtus: voice controlled fantasy game}},
	url={{https://www.indiegogo.com/projects/in-verbis-virtus-voice-controlled-fantasy-game}}
}
@misc{RefWorks:135,
	author={{Ubisoft}},
	month={2017, May 30},
	title={{Star Trek™: Bridge Crew on Steam}},
	url={https://store.steampowered.com/app/527100/Star\_Trek\_Bridge\_Crew/}
}